<record><leader>00000cas a22000007a 4500</leader><controlfield tag="001">13454262</controlfield><controlfield tag="008">860418d18581859inuwr ne      0    0eng d</controlfield><datafield ind1=" " ind2=" " tag="010"><subfield code="a">sn 86058481 </subfield></datafield><datafield ind1=" " ind2=" " tag="040"><subfield code="a">NPI</subfield><subfield code="b">eng</subfield><subfield code="c">NPI</subfield><subfield code="d">OCLCQ</subfield><subfield code="d">UKMGB</subfield></datafield><datafield ind1="7" ind2=" " tag="016"><subfield code="a">013916718</subfield><subfield code="2">Uk</subfield></datafield><datafield ind1=" " ind2=" " tag="042"><subfield code="a">msc</subfield></datafield><datafield ind1="0" ind2="0" tag="245"><subfield code="a">Blackford County news.</subfield></datafield><datafield ind1=" " ind2=" " tag="260"><subfield code="a">Hartford City, Blackford County, Ind. :</subfield><subfield code="b">J.D. Ch[i]pman</subfield></datafield><datafield ind1=" " ind2=" " tag="300"><subfield code="a">v. :</subfield><subfield code="b">ill. ;</subfield><subfield code="c">(chiefly advertisements)</subfield></datafield><datafield ind1=" " ind2=" " tag="310"><subfield code="a">Weekly</subfield></datafield><datafield ind1="1" ind2=" " tag="362"><subfield code="a">Began in 1858.</subfield></datafield><datafield ind1="1" ind2=" " tag="362"><subfield code="a">Probably ceased in 1859.</subfield><subfield code="z">Cf. Miller, John W. Indiana newspaper.</subfield></datafield><datafield ind1=" " ind2=" " tag="588"><subfield code="a">Description based on: Vol. 1, no. 27 (Jan. 14, 1859).</subfield></datafield><datafield ind1=" " ind2=" " tag="752"><subfield code="a">United States</subfield><subfield code="b">Indiana</subfield><subfield code="c">Blackford</subfield><subfield code="d">Hartford City.</subfield></datafield></record>